@article{kohl,
author = {N Kohl and P Stone}, 
journal = {IEEE International Conference on Robotics and Automation},
title = {Policy gradient reinforcement learning for fast quadrupedal locomotion},
pages = {2619--2624},
volume = {3},
year = {2004},
date-added = {2010-09-09 15:44:15 -0400},
date-modified = {2010-09-09 15:44:39 -0400},
pmid = {15307330026816750983related:h0UVxI6PbtQJ},
local-url = {file://localhost/Users/jason/Dropbox/collected/Papers/Kohl/Kohl-2004-Policy%20gradient%20reinforcement%20learning%20for-IEEE%20International%20Conference%20on%20Robotics%20and%20Automation.pdf},
uri = {papers://BFD25D9E-E4D9-4A62-A02E-551E28EA39CB/Paper/p19},
rating = {0}
}

@article{chernova,
author = {S Chernova and M Veloso}, 
journal = {2004 IEEE/RSJ International Conference on Intelligent Robots and Systems, 2004.(IROS 2004). Proceedings},
title = {An evolutionary approach to gait learning for four-legged robots},
pages = {2562--2567},
date-added = {2010-09-09 15:44:15 -0400},
date-modified = {2010-09-09 15:45:17 -0400},
pmid = {7914464493083754222related:7v6yGYbT1W0J},
local-url = {file://localhost/Users/jason/Dropbox/collected/Papers/Chernova/Chernova--An%20evolutionary%20approach%20to%20gait-2004%20IEEERSJ%20International%20Conference%20on%20Intelligent%20Robots%20and%20Systems%202004.(IROS%202004).%20Proceedings.pdf},
uri = {papers://BFD25D9E-E4D9-4A62-A02E-551E28EA39CB/Paper/p20},
rating = {0}
}

@article{zykov,
author = {V Zykov and J Bongard and H Lipson}, 
journal = {Proceedings of Genetic and Evolutionary Computation Conference, Late Breaking Paper, GECCO},
title = {Evolving dynamic gaits on a physical robot},
volume = {4},
year = {2004},
date-added = {2010-09-09 15:44:15 -0400},
date-modified = {2010-09-09 15:45:35 -0400},
pmid = {3103820740527401562related:WiqgzYT8EisJ},
local-url = {file://localhost/Users/jason/Dropbox/collected/Papers/Zykov/Zykov-2004-Evolving%20dynamic%20gaits%20on%20a-Proceedings%20of%20Genetic%20and%20Evolutionary%20Computation%20Conference%20Late%20Breaking%20Paper%20GECCO.pdf},
uri = {papers://BFD25D9E-E4D9-4A62-A02E-551E28EA39CB/Paper/p18},
rating = {0}
}

@misc{nm,
author = {Sasa Singer and John Nelder},
title = {Nelder-Mead algorithm},
year = {2009},
howpublished = "\url{http://www.scholarpedia.org/article/Nelder-Mead_algorithm}"
}

@misc{cwiid,
author = {Donnie Smith},
title = {CWiid},
year = {2010},
howpublished = "\url{http://abstrakraft.org/cwiid/}"
}

@article{clune,
author = {Clune J and Beckmann BE and Ofria C and Pennock RT},
year = {2009},
title = {Evolving coordinated quadruped gaits with the HyperNEAT generative encoding},
journal = {Proceedings of the IEEE Congress on Evolutionary Computing},
volume = {2764-2771}
}

