%Possible reference for Yale database:
@Article{GeBeKr01,
 author = {Georghiades, A.S. and Belhumeur, P.N. and Kriegman, D.J.},
 title  = {From Few to Many: Illumination Cone Models for Face Recognition under Variable Lighting and Pose},
 journal = {IEEE Trans. Pattern Anal. Mach. Intelligence},
 year =  {2001},
 volume = {23},
 number = {6},
 pages= {643-660}
}

@misc{YaleFace,
 title = {Yale Face Database},
 author = {Yale Center for Computational Vision and Control},
 howpublished = {\url{http://cvc.yale.edu/projects/yalefaces/yalefaces.html}}
}